@book{Benedetto1999,
    title     = "{Principles of Digital Transmission}",
    author    = "Benedetto, Sergio and Biglieri, Ezio",
    publisher = "Springer",
    series    = "{Information Technology: Transmission, Processing and Storage}",
    year     =  1999
}

@book{Haykin2007,
    author = {Haykin, Simon and Moher, Michael},                         
    title = "{Introduction to Analog and Digital Communications}",
    edition = "2nd",
    publisher = "John Wiley \& Sons",
    year = "2007",
    note = "{Chapters 2, 3, 4, 5, 6, 7, 8, 10 \& 11}"
} %dont remember the layout, pls fix cutie

@book{Haykin2014,
    author = {Haykin, Simon},                         
    title = "{Digital Communication Systems}",
    edition = "2nd",
    publisher = "John Wiley \& Sons",
    year = "2014",
    note = "{Chapters 6, 7 \& 8}"
}

@misc{Beko2022,
  author       = {Beko, Marko and Canto, João},
  title        = "{"Introdução às Comunicações Analógicas e Digitais"}",
  year         = "2022",
  note         = "Coletânea de Exercícios Resolvidos"
}

@misc{Victor2010,
  author       = {Barroso, Victor},
  title        = "{"Fundamentos de Telecomunicações"}",
  year         = "2010",
  note         = ""
}

@misc{Dias2011,
  author       = {Bioucas Dias, J. M.},
  title        = "{"Notas de Fundamentos de Telecomunicações: Sinais Aleatórios"}",
  year         = "2011",
  note         = ""
}

@misc{Nunes2015,
  author       = {Nunes, F. D.},
  title        = "{"Notes on Telecommunications"}",
  year         = "2015",
  note         = ""
}